
@string{LNCS = "LNCS"}
@string{SV = "Springer"}
@string{ACM = "ACM"}


@inproceedings{church1962logic,
  title={Logic, arithmetic and automata},
  author={Church, Alonzo},
  booktitle={Proceedings of the international congress of mathematicians},
  pages={23--35},
  year={1962}
}

@inproceedings{hagen2008scaling,
  title={{Scaling up the formal verification of Lustre programs with SMT-based techniques}},
  author={Hagen, George and Tinelli, Cesare},
  booktitle={FMCAD},
  pages={1--9},
  year={2008},
  organization={IEEE}
}

@article{tarski1955lattice,
  title={A lattice-theoretical fixpoint theorem and its applications},
  author={Tarski, Alfred and others},
  journal={Pacific journal of Mathematics},
  volume={5},
  number={2},
  pages={285--309},
  year={1955}
}


@article{manna1971toward,
  title={Toward automatic program synthesis},
  author={Manna, Zohar and Waldinger, Richard J},
  journal={Communications of the ACM},
  volume={14},
  number={3},
  pages={151--165},
  year={1971},
  publisher={ACM}
}

@inproceedings{gacek2015towards,
  title={{Towards Realizability Checking of Contracts Using Theories}},
  author={Gacek, Andrew and Katis, Andreas and Whalen, Michael W and Backes, John and Cofer, Darren},
  booktitle={NFM},
  pages={173--187},
  year={2015},
  publisher={Springer},
  series = {LNCS},
  volume    = {9058},
}

@inproceedings{ryzhyk2014user,
  title={User-Guided Device Driver Synthesis.},
  author={Ryzhyk, Leonid and Walker, Adam and Keys, John and Legg, Alexander and Raghunath, Arun and Stumm, Michael and Vij, Mona},
  booktitle={OSDI},
  pages={661--676},
  year={2014}
}

@inproceedings{dillig2013inductive,
  title={Inductive invariant generation via abductive inference},
  author={Dillig, Isil and Dillig, Thomas and Li, Boyang and McMillan, Ken},
  booktitle={OOPSLA},
  pages={443--456},
  year={2013},
  publisher={ACM}
}

@inproceedings{dillig2014optimal,
  title={{Optimal Guard Synthesis for Memory Safety}},
  author={Dillig, Thomas and Dillig, Isil and Chaudhuri, Swarat},
  booktitle={CAV},
  pages={491--507},
  year={2014},
  publisher={Springer},
  volume    = {8559},
  series = {LNCS},
}

@inproceedings{katis2015machine,
  title={Machine-Checked Proofs For Realizability Checking Algorithms},
  author={Katis, Andreas and Gacek, Andrew and Whalen, Michael W},
  booktitle={VSTTE},
  year={2015},
  pages={110--123},
  publisher={Springer}
}

@MISC{BarFT-SMTLIB,
  author =	 {Clark Barrett and Pascal Fontaine and Cesare Tinelli},
  title =	 {{The Satisfiability Modulo Theories Library (SMT-LIB)}},
  howpublished = {{\tt www.SMT-LIB.org}},
  year =	 2016,
}

@techreport{feiler2006architecture,
  title={The architecture analysis \& design language (AADL): An introduction},
  author={Feiler, Peter H and Gluch, David P and Hudak, John J},
  year={2006},
  institution={DTIC Document}
}

@inproceedings{claessen2012liveness,
  title={A liveness checking algorithm that counts},
  author={Claessen, Koen and S{\"o}rensson, Niklas},
  booktitle={Formal Methods in Computer-Aided Design (FMCAD), 2012},
  pages={52--59},
  year={2012},
  organization={IEEE}
}

@inproceedings{pnueli1989synthesis,
  title={On the synthesis of a reactive module},
  author={Pnueli, Amir and Rosner, Roni},
  booktitle={Proceedings of the 16th ACM SIGPLAN-SIGACT symposium on Principles of programming languages},
  pages={179--190},
  year={1989},
  organization={ACM}
}

@article{srivastava2013template,
  title={Template-based program verification and program synthesis},
  author={Srivastava, Saurabh and Gulwani, Sumit and Foster, Jeffrey S},
  journal={STTT},
  volume={15},
  number={5-6},
  pages={497--518},
  year={2013},
}

@inproceedings{brain2015automatable,
  title={An automatable formal semantics for IEEE-754 floating-point arithmetic},
  author={Brain, Martin and Tinelli, Cesare and R{\"u}mmer, Philipp and Wahl, Thomas},
  booktitle={Computer Arithmetic (ARITH), 2015 IEEE 22nd Symposium on},
  pages={160--167},
  year={2015},
  organization={IEEE}
}

@inproceedings{jakobs2017compact,
  title={Compact Proof Witnesses},
  author={Jakobs, Marie-Christine and Wehrheim, Heike},
  booktitle={NASA Formal Methods Symposium},
  pages={389--403},
  year={2017},
  publisher={Springer}
}


@article{kuncak2013functional,
  title={Functional synthesis for linear arithmetic and sets},
  author={Kuncak, Viktor and Mayer, Mika{\"e}l and Piskac, Ruzica and Suter, Philippe},
  journal   = {{STTT}},
  volume={15},
  number={5-6},
  pages={455--474},
  year={2013}
}

@inproceedings{piterman2006synthesis,
  title={{Synthesis of Reactive(1) Designs}},
  author={Piterman, Nir and Pnueli, Amir and Sa'ar, Yaniv},
  booktitle={VMCAI},
  pages={364--380},
  year={2006},
  publisher={Springer},
  series = {LNCS},
  volume    = {3855},
}

@inproceedings{gulwani2010dimensions,
  title={Dimensions in program synthesis},
  author={Gulwani, Sumit},
  booktitle={PPDP},
  pages={13--24},
  year={2010},
  organization={ACM}
}

@article{KatisFGBGW16,
  author    = {Andreas Katis and
               Grigory Fedyukovich and
               Andrew Gacek and
               John D. Backes and
               Arie Gurfinkel and
               Michael W. Whalen},
  title     = {{Synthesis from Assume-Guarantee Contracts using Skolemized Proofs
               of Realizability}},
  journal   = {CoRR},
  volume    = {abs/1610.05867},
  year      = {2016},
  url       = {http://arxiv.org/abs/1610.05867},
}

@article{fedyukovichae,
  title={AE-VAL: Horn clause-based Skolemizer for $\forall\exists$-formulas.},
  author={Fedyukovich, Grigory and Gurfinkel, Arie and Sharygina, Natasha},
  note={Presentation-only at HCVS 2015, available at \url{http://www.inf.usi.ch/phd/fedyukovich/aeval_abstract.pdf}}
}

@inproceedings{fedyukovich2015automated,
  title={{Automated Discovery of Simulation Between Programs}},
  author={Fedyukovich, Grigory and Gurfinkel, Arie and Sharygina, Natasha},
  booktitle={LPAR},
  pages={606--621},
  year={2015},
  publisher={Springer},
  volume    = {9450},
  series = {LNCS}
}

@inproceedings{komuravelli2014smt,
  title={SMT-based model checking for recursive programs},
  author={Komuravelli, Anvesh and Gurfinkel, Arie and Chaki, Sagar},
  booktitle={CAV},
  year={2014},
  pages={17--34},
  publisher={Springer},
  series = {LNCS},
  volume    = {8559},
}

@article{flener2001inductive,
  title={Inductive programming},
  author={Flener, Pierre and Partridge, Derek},
  journal={Autom. Softw. Eng.},
  volume={8},
  number={2},
  pages={131--137},
  year={2001}
}

@inproceedings{reynolds2015counterexample,
  title={Counterexample-guided quantifier instantiation for synthesis in {SMT}},
  author={Reynolds, Andrew and Deters, Morgan and Kuncak, Viktor and Tinelli, Cesare and Barrett, Clark},
  booktitle={CAV, Part {II}},
  pages={198--216},
  year={2015},
  volume    = {9207},
  series = {LNCS},
  publisher={Springer}
}

@inproceedings{preiner2017counterexample,
  title={Counterexample-Guided Model Synthesis},
  author={Preiner, Mathias and Niemetz, Aina and Biere, Armin},
  booktitle={TACAS},
  pages={264--280},
  year={2017},
  publisher={Springer}
}

@article{loos1993applying,
  title={Applying linear quantifier elimination},
  author={Loos, R{\"u}diger and Weispfenning, Volker},
  journal={The Computer Journal},
  volume={36},
  number={5},
  pages={450--462},
  year={1993},
  publisher={Br Computer Soc}
}


@inproceedings{bradley2011sat,
  title={{SAT-Based Model Checking without Unrolling}},
  author={Bradley, Aaron R},
  booktitle={VMCAI},
  pages={70--87},
  year={2011},
  publisher={Springer},
  series    = LNCS,
  volume    = {6538},
}

@incollection{cimatti2014ic3,
  title={{IC3} modulo theories via implicit predicate abstraction},
  author={Cimatti, Alessandro and Griggio, Alberto and Mover, Sergio and Tonetta, Stefano},
  booktitle={TACAS},
  pages={46--61},
  year={2014},
  publisher={Springer}
}

@inproceedings{een2011efficient,
  title={{Efficient Implementation of Property Directed Reachability}},
  author={Een, Niklas and Mishchenko, Alan and Brayton, Robert},
  booktitle={FMCAD},
  pages={125--134},
  year={2011},
  organization={IEEE}
}


@Misc{SAE:AADL,
  AUTHOR =       {SAE-AS5506},
  TITLE =        {Architecture Analysis and Design Language},
  PUBLISHER =    {SAE},
  YEAR =         "2004",
  month =        "Nov"
}

@Misc{jkind,
  title =  {{JK}ind -- An infinite-state model checker for safety properties in {Lustre}},
  author = {Andrew Gacek},
  year = 2016,
  howpublished = {\url{http://loonwerks.com/tools/jkind.html}},
}

@Misc{lustrev6,
  title =  {{The Lustre V6 Reference Manual}},
  author = {Erwan Jahier and Pascal Raymond and Nicolas Halbwachs},
  url = {http://www-verimag.imag.fr/Lustre-V6.html}
}

@BOOK{SAE:AADL,
  AUTHOR =       {SAE-AS5506},
  TITLE =        {Architecture Analysis and Design Language},
  PUBLISHER =    {SAE},
  YEAR =         "2004",
  month =        "Nov"
}

@book{Friedenthal08:sysml,
 author = {Friedenthal, Sanford and Moore, Alan and Steiner, Rick},
 title = {A Practical Guide to SysML: Systems Modeling Language},
 year = {2008},
 isbn = {0123743796, 9780080558363, 9780123743794},
 publisher = {Morgan Kaufmann Publishers Inc.},
 address = {San Francisco, CA, USA},
}

@BOOK{AUTOSAR,
  AUTHOR =       {AUTOSAR Consortium},
  TITLE =        {Automotive Open System Architecture (AUTOSAR) Revision 4.2.1},
  PUBLISHER =    {AUTOSAR},
  YEAR =         "2014",
  month =        "October"
}

@INPROCEEDINGS{Gomez11:AADL,
author={Varona-Gomez, R. and Villar, E.},
booktitle={Engineering of Complex Computer Systems, 2009 14th IEEE International Conference on},
title={AADL Simulation and Performance Analysis in SystemC},
year={2009},
month={June},
pages={323-328},
keywords={embedded systems;specification languages;AADL simulation tool;SystemC;architecture description;design methodologies;hardware architecture;model based engineering;performance analysis;real-time mission-critical embedded systems;refinement process;simulation semantics;software architecture;Analytical models;Design engineering;Embedded system;Model driven engineering;Performance analysis;Power system modeling;Process design;Prototypes;Real time systems;Timing;AADL;AADS;POSIX.;Performance Analysis;SCoPE;Simulation;SystemC},
doi={10.1109/ICECCS.2009.11}}

@article{Bozzano:2011:AADL,
 author = {Bozzano, Marco and Cimatti, Alessandro and Katoen, Joost-Pieter and Nguyen, Viet Yen and Noll, Thomas and Roveri, Marco},
 title = {Safety, Dependability and Performance Analysis of Extended AADL Models},
 journal = {Comput. J.},
 issue_date = {May 2011},
 volume = {54},
 number = {5},
 month = may,
 year = {2011},
 issn = {0010-4620},
 pages = {754--775},
 numpages = {22},
 url = {http://dx.doi.org/10.1093/comjnl/bxq024},
 doi = {10.1093/comjnl/bxq024},
 acmid = {1992988},
 publisher = {Oxford University Press},
 address = {Oxford, UK}
}

@inproceedings{Apvrille13:security,
  year =        {2013},
  title =       {{S}ys{ML}-{S}ec: {A} model-driven environment for developing secure embedded systems},
  author =      {{A}pvrille, {L}udovic and  {R}oudier, {Y}ves },
  booktitle =   {{SAR}-{SSI} 2013, 8{\`e}me {C}onf{\'e}rence sur la {S}{\'e}curit{\'e} des {A}rchitectures {R}{\'e}seaux et des {S}yst{\`e}mes d'{I}nformation, 16-18 {S}eptembre 2013, {M}ont-de-{M}arsan, {F}rance},
  address =     {{M}ont-de-{M}arsan, {FRANCE}},
  month =       {09},
  url =  	      {http://www.eurecom.fr/publication/4187}
}

@Article{Bozzano14:AADL,
    AUTHOR = {Marco Bozzano and Alessandro Cimatti and Joost-Pieter Katoen and Panagiotis Katsaros and Konstantinos Mokos and Viet Yen Nguyen and Thomas Noll and Bart Postma and Marco Roveri},
    TITLE = {Spacecraft early design validation using formal methods},
    PUBLISHER = {Elsevier},
    YEAR = {2014},
    Month = {December},
    journal = {Reliability Engineering and System Safety},
    volume = {132}
}

@ARTICLE{Whalen13:WhatHow:TwinPeaksIEEESoftware,
 author={Whalen, Michael W. and Gacek, Andrew and Cofer, Darren and Murugesan, Anitha and Heimdahl, Mats P.E. and Rayadurgam, Sanjai},
 journal={Software, IEEE},
 title={Your What Is My How: Iteration and Hierarchy in System Design},
 year={2013},
 volume={30},
 number={2},
 pages={54-60},
 keywords={Aerospace electronics;Analytical models;Cognition;Computer architecture;Contracts;Formal verification;Software architecture;Software development;architecture;formal methods;model checking;refinement;requirements},
 doi={10.1109/MS.2012.173},
 ISSN={0740-7459}}
 
 @article{Miller06:Shalls,
 author = {Steven P. Miller and Alan C. Tribble and Michael W. Whalen and Mats P. E. Heimdahl},
 title = {Proving the shalls: Early validation of requirements through formal methods},
 journal = {Int. J. Softw. Tools Technol. Transf.},
 volume = {8},
 number = {4},
 year = {2006},
 issn = {1433-2779},
 pages = {303--319},
 doi = {http://dx.doi.org/10.1007/s10009-004-0173-6},
 publisher = {Springer-Verlag},
 address = {Berlin, Heidelberg},
 }

@incollection{DeMoura08:z3,
  title={{Z3}: An efficient {SMT} solver},
  author={De Moura, Leonardo and Bj{\o}rner, Nikolaj},
  booktitle={TACAS},
  year={2008},
  pages={337--340},
  publisher={Springer}
}

@inproceedings{BeyenePR13,
  author    = {Tewodros A. Beyene and
               Corneliu Popeea and
               Andrey Rybalchenko},
  title     = {Solving Existentially Quantified {H}orn Clauses},
  booktitle = {CAV},
  year = {2013},
  pages     = {869--882}
}

@inproceedings{NFM2012:CoGaMiWhLaLu,
 author = {Darren D. Cofer and Andrew Gacek and Steven P. Miller and Michael W. Whalen and Brian LaValley and Lui Sha},
 title = {Compositional Verification of Architectural Models},
 booktitle = {NFM},
 year = {2012},
 publisher = {Springer-Verlag},
 pages = {126--140}
}

@INPROCEEDINGS{Hammond01:WiW,
author={Hammond, J. and Rawlings, R. and Hall, A.},
booktitle={Requirements Engineering, 2001. Proceedings. Fifth IEEE Int'l Symposium on},
title={Will it work? [Requirements engineering]},
year={2001},
month={},
volume={},
number={},
pages={102 -109},
keywords={RE;case studies;complex smaller systems;industrial application;integrated system;large heterogeneous distributed systems;practical techniques;requirements engineering;systems integration;distributed programming;risk management;systems analysis;},
doi={10.1109/ISRE.2001.948549},
ISSN={}}

@inproceedings{rushby2011new,
  title={New challenges in certification for aircraft software},
  author={Rushby, J.},
  booktitle={Proceedings of the ninth ACM Int'l Conf. on Embedded software},
  pages={211--218},
  year={2011},
  organization={ACM}
}


@ARTICLE{Gunter00,
  AUTHOR =   {Carl A. Gunter and Elsa L. Gunter and Michael Jackson and Pamela Zave},
  TITLE =    {A {R}eference Model for {R}equirements and {S}pecifications},
  JOURNAL =  {IEEE Software},
  VOLUME =   {17},
  NUMBER =   {3},
  PAGES =    {37-43},
  MONTH =    {May},
  YEAR =     {2000}
}

@inproceedings{hilt2013,
  author    = {Anitha Murugesan and Michael W. Whalen and Sanjai Rayadurgam and Mats P.E. Heimdahl},
  title     = {Compositional Verification of a Medical Device System},
  booktitle = {ACM Int'l Conf. on High Integrity Language Technology (HILT) 2013},
  year      = {2013},
  month     = {November},
  publisher = {ACM}
}


@ARTICLE{Klein10,
  AUTHOR =   {Uri Klein and Amir Pnueli},
  TITLE =    {Revisiting {S}ynthesis of {GR}(1) {S}pecifications},
  JOURNAL =  {HVC},
  YEAR = {2010},
  PAGES =    {161-181}
}



@inproceedings{Bohy12,
  AUTHOR =   {Aaron Bohy and
               V{\'{e}}ronique Bruy{\`{e}}re and
               Emmanuel Filiot and
               Naiyong Jin and
               Jean{-}Fran{\c{c}}ois Raskin},
  TITLE =    {Acacia+, a tool for {LTL} {S}ynthesis},
  BOOKTITLE =  {CAV},
  PAGES =    {652-657},
  YEAR =     {2012}
}

@ARTICLE{Tini03,
  AUTHOR =   {Simone Tini and Andrea Maggiolo-Schettini},
  TITLE =    {Compositional {S}ynthesis of {G}eneralized {M}ealy {M}achines},
  JOURNAL =  {Fundamenta Informaticae},
  VOLUME =	 {60},
  NUMBER =   {1-4},
  PAGES =    {367-382},
  YEAR =     {2003}
}

@ARTICLE{Aziz95,
  AUTHOR =   {Adnan Aziz and Felice Balarin and Robert Braton and Alberto Sangiovanni-Vincentelli},
  TITLE =    {Sequential {S}ynthesis using {SIS}},
  JOURNAL =  {ICCAD},
  YEAR = {1995},
  PAGES =    {612-617}
}

@ARTICLE{Chatterjee07,
  AUTHOR =   {Krishnendu Chatterjee and Thomas A. Henzinger},
  TITLE =    {Assume-{G}uarantee {S}ynthesis},
  JOURNAL =  {TACAS},
  YEAR = {2007},
  PAGES =    {261-275}
}


@ARTICLE{Hamza10,
  AUTHOR =   {Jad Hamza and Barbara Jobstmann and Viktor Kuncak},
  TITLE =    {Synthesis for {R}egular {S}pecifications over {U}nbounded {D}omains},
  JOURNAL =  {FMCAD},
  YEAR = {2010},
  PAGES =    {101-109}
}

@ARTICLE{Murugesan2014,
  AUTHOR =   {Anitha Murugesan and Oleg Sokolsky and Sanjai Rayadurgam and Michael Whalen and Mats Heimdahl and Insup Lee},
  TITLE =    {Linking {A}bstract {A}nalysis to {C}oncrete {D}esign: {A} {H}ierarchical {A}pproach to {V}erify {M}edical {CPS} {S}afety},
  JOURNAL =  {Proceedings of ICCPS'14},
  MONTH = {April},
  YEAR =     {2014}
}

@inproceedings{micheli_aaai_2012,
  title     = {Solving Temporal Problems Using {SMT}: Weak Controllability},
  author    = {Alessandro Cimatti and
               Andrea Micheli and
               Marco Roveri},
  booktitle = {AAAI},
  year      = {2012},
  pages     = {448-454}
}

@inproceedings{micheli_cp_2012,
  title     = {Solving Temporal Problems Using {SMT}: Strong Controllability},
  author    = {Alessandro Cimatti and
               Andrea Micheli and
               Marco Roveri},
  booktitle = {CP},
  year      = {2012},
  pages     = {248-264}
}

@article{micheli_constraints_2014,
  title     = {Solving strong controllability of temporal problems with uncertainty using {SMT}},
  author    = {Alessandro Cimatti and
               Andrea Micheli and
               Marco Roveri},
  journal   = {Constraints},
  year      = {2014}
}




@ARTICLE{Whalen13:WhatHow:TwinPeaksIEEESoftware,
 author={Whalen, Michael W. and Gacek, Andrew and Cofer, Darren and Murugesan, Anitha and Heimdahl, Mats P.E. and Rayadurgam, Sanjai},
 journal={Software, IEEE},
 title={Your What Is My How: Iteration and Hierarchy in System Design},
 year={2013},
 volume={30},
 number={2},
 pages={54-60},
 keywords={Aerospace electronics;Analytical models;Cognition;Computer architecture;Contracts;Formal verification;Software architecture;Software development;architecture;formal methods;model checking;refinement;requirements},
 doi={10.1109/MS.2012.173},
 ISSN={0740-7459}}

@inproceedings{hilt2013,
  author    = {Anitha Murugesan and Michael W. Whalen and Sanjai Rayadurgam and Mats P.E. Heimdahl},
  title     = {Compositional Verification of a Medical Device System},
  booktitle = {HILT},
  year = {2013},
  publisher = {ACM}
}

@inproceedings{QFCS15:backes,
 author={Backes, John and Cofer, Darren and Miller, Steven and Whalen, Michael W.},
 title={Requirements Analysis of a Quad-Redundant Flight Control System},
 year={2015},
 isbn={978-3-319-17523-2},
 booktitle={NASA Formal Methods},
 volume={9058},
 series={Lecture Notes in Computer Science},
 editor={Havelund, Klaus and Holzmann, Gerard and Joshi, Rajeev},
 doi={10.1007/978-3-319-17524-9_7},
 url={http://dx.doi.org/10.1007/978-3-319-17524-9_7},
 publisher={Springer International Publishing},
 pages={82-96},
 language={English}
}

@INPROCEEDINGS{Halbwachs91:codegen,
  AUTHOR =   {N. Halbwachs and P. Raymond and C. Ratel},
  TITLE =    {Generating Efficient Code From Data-Flow Programs},
  BOOKTITLE =    {Third Int'l Symposium on Programming
                  Language Implementation and Logic Programming},
  ADDRESS =  {Passau (Germany)},
  MONTH =    {August},
  YEAR =     {1991},
  annote =   {\commentmike{This paper describes an approach to
  efficient code generation for Lustre specifications.  The
  approach works by treating all Boolean variables within the
  specification as describing a state space, and then building a
  finite state automaton of that state space.  In other words, a
  node of the FSA represents one or more assignments to the set
  of boolean variables of the specification.  Normally, all
  variables have to be recomputed, but this approach allows
  the assignments to be encoded directly into the structure of the
  FSA.

  In order to keep the size of the FSA from blowing up, they
  introduce ``demand-driven'' control synthesis, which groups sets
  of states into equivalence classes in terms of how they affect
  the output of the machine.  If several states all cause the same
  sequence of outputs to be generated for all inputs, then they
  are equivalent and can be collapsed into a single state.

  The authors do not make any correctness arguments about the
  transformations, but they seem intuitively obvious.  Proving
  these optimizations correct using a fully formal system would be
  a daunting task.

  The underlying power of Lustre is very similar to that of RSML-e,
  while having a much smaller semantics.  Lustre can be
  translated to an imperative language like C using a
  straightforward approach.  This paper describes a significant
  optimization of the translated code.  It creates an automaton
  out of the possible states of all Boolean state variables.  For
  example, if a specification had three Booleans, then some
  example states would be {x=t; y=f; z=t}, {x=f; y=f; z=t }.
  Then, rather than compute the value of each boolean variable, it
  computes the next state of the automaton, which describes the
  values of all boolean variables.  Because of the syntax of
  Lustre, specifications must be both complete and consistent, so
  there is no non-determinism in the automaton.

  This optimization could also be applied to RSML-e, if we adopt
  the execution semantics that is currently used by the Nimbus
  toolset (which ensures determinism and completeness of macros
  and state variable assignments, provided functions are
  complete).
  
  One issue that they do not consider is applying the same
  approach to enumerated values.  This would be the area that
  could provide significant benefit for RSML-e specifications.  If
  we could create a true automaton out of the enumerated
  variables, we could maintain much of the execution of the
  specification as a finite-state automata.  Of course, it would
  be impossible to understand, if bugs arose.  }}
}

@inproceedings{katis2016towards,
  title={Towards synthesis from assume-guarantee contracts involving infinite theories: a preliminary report},
  author={Katis, Andreas and Gacek, Andrew and Whalen, Michael W},
  booktitle={FormaliSE},
  pages={36--41},
  year={2016},
  organization={IEEE}
}


@inproceedings{DBLP:conf/cav/BalabanovJ11,
  author    = {Valeriy Balabanov and
               Jie{-}Hong R. Jiang},
  title     = {{Resolution Proofs and Skolem Functions in QBF Evaluation and Applications}},
  booktitle = {{CAV}},
  series    = LNCS,
  year      = {2011},
  volume    = {6806},
  pages     = {149--164},
}

@inproceedings{KLXJOIA,
  author    = {Marijn Heule and Martina Seidl and Armin Biere},
  title     = {{Efficient Extraction of Skolem Functions from QRAT Proofs}},
  booktitle = {FMCAD},
  year      = {2014},
  publisher = {{IEEE}},
  pages     = {107-114},
}

@inproceedings{Chakraborty15,
  author    = {Ajith K. John and Shetal Shah and Supratik Chakraborty and Ashutosh Trivedi and S. Akshay},
  title     = {{Skolem Functions for Factored Formulas}},
  booktitle = {FMCAD},
  year      = {2015},
  publisher = {{IEEE}},
  pages     = {73-80},
}

@inproceedings{DBLP:conf/asplos/Solar-LezamaTBSS06,
  author    = {Armando Solar{-}Lezama and
               Liviu Tancau and
               Rastislav Bod{\'{\i}}k and
               Sanjit A. Seshia and
               Vijay A. Saraswat},
  title     = {Combinatorial sketching for finite programs},
  booktitle = {{ASPLOS}},
  year      = {2006},
  pages     = {404--415},
  publisher = {{ACM}},
}

@inproceedings{DBLP:conf/fmcad/CimattiGMT13,
  author    = {Alessandro Cimatti and
               Alberto Griggio and
               Sergio Mover and
               Stefano Tonetta},
  title     = {Parameter synthesis with {IC3}},
  booktitle = {{FMCAD}},
  year      = {2013},
  pages     = {165--168},
  publisher = {{IEEE}},
}

@inproceedings{cimatti2015hycomp,
  title={{HyComp: An SMT-based model checker for hybrid systems}},
  author={Cimatti, Alessandro and Griggio, Alberto and Mover, Sergio and Tonetta, Stefano},
  booktitle={TACAS},
  pages={52--67},
  year={2015},
  publisher={Springer},
  series    = LNCS,
  volume    = {9035},
}

@inproceedings{DBLP:conf/popl/BeyeneCPR14,
  author    = {Tewodros A. Beyene and
               Swarat Chaudhuri and
               Corneliu Popeea and
               Andrey Rybalchenko},
  title     = {A constraint-based approach to solving games on infinite graphs},
  booktitle = {POPL},
  publisher = {ACM},
  year      = {2014},
  pages     = {221-234},
}

@inproceedings{DBLP:conf/nfm/GasconT14,
  author    = {Adria Gasc{\'{o}}n and
               Ashish Tiwari},
  title     = {{A Synthesized Algorithm for Interactive Consistency}},
  booktitle = {{NFM}},
  series    = LNCS,
  year      = {2014},
  volume    = {8430},
  pages     = {270--284},
}

@inproceedings{Dutertre,
  author    = {Bruno Dutertre}, 
  title     = {{Solving Exists/Forall Problems With Yices}},
  booktitle = {SMT Workshop},
  year      = {2015},
  note      = {extended abstract},
}


@inproceedings{Ghass16,
  title={Efficient Generation of Inductive Validity Cores for Safety Properties},
  author={Ghassabani, Elaheh and Gacek, Andrew and Whalen, Michael W},
  booktitle = {FSE},
  year = {2016}
}


@inproceedings{monmege2016real,
  title={Real-Time Synthesis is Hard!},
  author={Monmege, Benjamin and Brihaye, Thomas and Esti{\'e}venart, Morgane and Ho, Hsi-Ming and ULB, Gilles Geeraerts and Sznajder, Nathalie},
  booktitle={FORMATS},
  year = {2016},
  volume={9884},
  pages={105},
  publisher={Springer}
}

@inproceedings{cheng2016structural,
  title={Structural Synthesis for GXW Specifications},
  author={Cheng, Chih-Hong and Hamza, Yassine and Ruess, Harald},
  booktitle={CAV},
  year={2016},
  pages={95--117},
  publisher={Springer}
}

@inproceedings{ehlers2010symbolic,
  title={Symbolic bounded synthesis},
  author={Ehlers, R{\"u}diger},
  booktitle={CAV},
  year={2010},
  pages={365--379},
  publisher={Springer}
}

@article{bloem2016satisfiability,
  title={Satisfiability-Based Methods for Reactive Synthesis from Safety Specifications},
  author={Bloem, Roderick and Egly, Uwe and Klampfl, Patrick and K{\"o}nighofer, Robert and Lonsing, Florian and Seidl, Martina},
  journal={arXiv preprint arXiv:1604.06204},
  year={2016}
}



@article{ryzhyk2016developing,
  title={Developing a practical reactive synthesis tool: Experience and lessons learned},
  author={Ryzhyk, Leonid and Walker, Adam},
  journal={arXiv preprint arXiv:1611.07624},
  year={2016}
}

@article{kneuss2013integrating,
  title={On integrating deductive synthesis and verification systems},
  author={Kneuss, Etienne and Kuncak, Viktor and Kuraj, Ivan and Suter, Philippe},
  journal={arXiv preprint arXiv:1304.5661},
  year={2013}
}

@inproceedings{walker2014predicate,
  title={Predicate abstraction for reactive synthesis},
  author={Walker, Adam and Ryzhyk, Leonid},
  booktitle={FMCAD},
  pages={219--226},
  year={2014},
  organization={IEEE}
}

@inproceedings{beyene2014constraint,
  title={A constraint-based approach to solving games on infinite graphs},
  author={Beyene, Tewodros and Chaudhuri, Swarat and Popeea, Corneliu and Rybalchenko, Andrey},
  booktitle={POPL},
  pages={221--233},
  year={2014},
  publisher = {{ACM}},
}


@inproceedings{jiang2009interpolating,
  title={Interpolating functions from large Boolean relations},
  author={Jiang, Jie-Hong R and Lin, Hsuan-Po and Hung, Wei-Lun},
  booktitle={ICCAD},
  year={2009},
  pages={779--784},
  organization={IEEE}
}

@inproceedings{bodlaender2012cinderella,
  title={Cinderella versus the wicked stepmother},
  author={Bodlaender, Marijke Hans L and Hurkens, Cor AJ and Kusters, Vincent JJ and Staals, Frank and Woeginger, Gerhard J and Zantema, Hans},
  booktitle={{IFIP} {TCS}},
  pages={57--71},
  year={2012},
  publisher={Springer},
  series    = LNCS,
  volume    = {7604},
}

@article{katis2018tacasartifact,
  title={Validity-Guided Synthesis of Reactive Systems from Assume-Guarantee Contracts},
  author={Katis, Andreas and Fedyukovich, Grigory and Guo, Huajun and Gacek, Andrew and Backes, John and Gurfinkel, Arie and Whalen, Michael W.},
  journal={Figshare},
  year={2018},
  url={https://doi.org/10.6084/m9.figshare.5904904}
}

@Inproceedings{ringert2017synthesis,
  author    = {Firman, Elizabeth and Maoz, Shahar and Ringert, Jan Oliver},
  year      = {2017},
  title     = {{Performance Heuristics for GR(1) Synthesis and Related Algorithms}},
  booktitle = {SYNT@CAV},
  series    = {EPTCS},
  volume    = {260},
  publisher = {Open Publishing Association},
  pages     = {62-80},

}

@inproceedings{DBLP:journals/corr/Jacobs016,
  author    = {Swen Jacobs and
               Felix Klein and
               Sebastian Schirmer},
  title     = {A High-Level {LTL} Synthesis Format: {TLSF} v1.1},
  booktitle = {SYNT@CAV},
  pages     = {112--132},
  year      = {2016},
  series    = {{EPTCS}},
  volume    = {229},
}
